<record><leader>00000cas a22000007a 4500</leader><controlfield tag="001">20574055</controlfield><controlfield tag="008">891031d194619uupauwr ne      0    0eng d</controlfield><datafield ind1=" " ind2=" " tag="010"><subfield code="a">sn 89077329 </subfield></datafield><datafield ind1=" " ind2=" " tag="040"><subfield code="a">NPH</subfield><subfield code="b">eng</subfield><subfield code="c">NPH</subfield><subfield code="d">OCL</subfield><subfield code="d">OCLCQ</subfield></datafield><datafield ind1=" " ind2=" " tag="042"><subfield code="a">msc</subfield></datafield><datafield ind1="0" ind2="0" tag="245"><subfield code="a">Bucks Countian farm and home examiner.</subfield></datafield><datafield ind1="3" ind2="0" tag="246"><subfield code="a">Bucks County farm and home examiner</subfield></datafield><datafield ind1=" " ind2=" " tag="260"><subfield code="a">Doylestown, Pa. :</subfield><subfield code="b">E.C. Keller,</subfield><subfield code="c">1946-</subfield></datafield><datafield ind1=" " ind2=" " tag="300"><subfield code="a">v. :</subfield><subfield code="b">ill. ;</subfield><subfield code="c">60 cm.</subfield></datafield><datafield ind1=" " ind2=" " tag="310"><subfield code="a">Weekly</subfield></datafield><datafield ind1="0" ind2=" " tag="362"><subfield code="a">Tenth yr., no. 37 (Mar. 14, 1946)-</subfield></datafield><datafield ind1=" " ind2=" " tag="500"><subfield code="a">Variant title: Bucks County farm and home examiner, &lt;Aug. 8, 1946&gt;.</subfield></datafield><datafield ind1=" " ind2=" " tag="752"><subfield code="a">United States</subfield><subfield code="b">Pennsylvania</subfield><subfield code="c">Bucks</subfield><subfield code="d">Doylestown.</subfield></datafield><datafield ind1="0" ind2="0" tag="780"><subfield code="t">Bucks County farm and home</subfield><subfield code="w">(DLC)sn 89077328</subfield></datafield></record>